@article{EPR, 
	title={Can a Quantum-Mechanical Description of Reality be Considered Complete?}, 
	volume={47}, 
	DOI={10.1103/PhysRev.47.777}, 
	number={10}, 
	journal={Physical Review}, 
	author={Einstein, Albert and Podolsky, Boris and Rosen, Nathan}, 
	year={1935}, 
	month={May}, 
	pages={777â€“780}
}

